% Encoding: UTF-8

@Book{sevik,
  author    = {Jerry Sevick},
  title     = {Transmission Line Transformers},
  year      = {2001},
  publisher = {Noble Publishing},
}

@Misc{balun_meas,
  author = {Beta Transformer Technology Corporation},
  title  = {Balun Measurements, Application Note AN159},
  year   = {2018},
}

@Electronic{balun_work,
  author = {GÃ¼nter Fred Mandel},
  title  = {Balun Workshop},
  url     = {https://www.dl4zao.de/_downloads/Balun_dl4zao.pdf},
  urldate = {2018-12-18},
}

@Misc{balun_schneider,
  author = {Reto Schneider},
  title  = {Cavity und Transmission Line Combiner},
  year   = {2014},
}


@Comment{jabref-meta: databaseType:biblatex;}

% Encoding: UTF-8
